@article{millikan-1913,
	author = {given-i=RA, given={R. A.}, family=Millikan},
	date = {1913-08-01},
	doi = {10.1103/physrev.2.109},
	journaltitle = {Physical Review},
	number = {2},
	pages = {109--143},
	title = {On the Elementary Electrical Charge and the Avogadro Constant},
	url = {https://doi.org/10.1103/physrev.2.109},
	volume = {2},
}
@online{wikipedia-contributors-2024,
	author = {{Wikipedia contributors}},
	date = {2024-08-21},
	title = {Euclidean algorithm},
	url = {https://en.wikipedia.org/wiki/Euclidean_algorithm},
}
