@misc{boix_practica_2,
  author       = {Rafael Boix and Alberto Pérez and Francisco Medina},
  title        = {Práctica 2: Medida del campo magnético de bobinas de Helmholtz y del campo magnético terrestre},
  year         = {2023},
  url          = {https://personal.us.es/boix/uploads/pdf/tecnicas_electrodinamica/helmholtz_prot.pdf},
  note         = {Accessed: 2024-05-30}
}
@manual{leybold_experimentos,
  author       = {{Leybold}},
  title        = {Guía de Física Atómica y Nuclear: Experimentos Introductorios},
  organization = {Leybold},
  note         = {Práctica P6.1.3.1: Determinación de la Carga Específica del Electrón},
  howpublished = {Manual de laboratorio}
}
