@book{jackson-1998,
	author = {given-i=JD, given={John David}, family=Jackson},
	date = {1998-08-14},
	publisher = {John Wiley \& Sons},
	title = {Classical Electrodynamics},
}
@online{nist-2024,
	author = {{NIST}},
	date = {2024},
	title = {CODATA Value: electron charge to mass quotient},
	url = {https://physics.nist.gov/cgi-bin/cuu/Value?esme},
}
